% ....názov súboru je: literatura.bib
%článok v časopise
@article{Osman:RE,
	author = {Osman, Mohd Hafeez and Chaudron, Michel},
	year = {2012},
	month = {01},
	pages = {},
	title = {Correctness and Completeness of CASE Tools in Reverse Engineering Source Code into UML Model},
	volume = {1},
	journal = {The GSTF Journal on Computing (JoC)}
}
%záznam z konferencie
@inproceedings{Osama:Adoption,
  doi = {10.1145/3436829.3436856},
  url = {https://doi.org/10.1145/3436829.3436856},
  year = {2020},
  month = nov,
  publisher = {{ACM}},
  author = {Osama Ibraheem Ashour Ashour and Tolga Pusatli},
  title = {Adoption of Case Tools {\&} {UML}}
}

%článok z 1998
@article{1998,
  doi = {10.1145/292349.292353},
  url = {https://doi.org/10.1145/292349.292353},
  year = {1998},
  month = apr,
  publisher = {Association for Computing Machinery ({ACM})},
  volume = {19},
  number = {2},
  pages = {13--26},
  author = {Norman L. Chervany and Diane Lending},
  title = {{CASE} tools}
}

% článok 
@article{1985,
  doi = {10.1145/1040694.1040698},
  url = {https://doi.org/10.1145/1040694.1040698},
  year = {1985},
  month = sep,
  publisher = {Association for Computing Machinery ({ACM})},
  volume = {17},
  number = {1},
  pages = {35--43},
  author = {Albert F. Case},
  title = {Computer-aided software engineering ({CASE})}
}
% článok
@article{1991,
  doi = {10.2307/249649},
  url = {https://doi.org/10.2307/249649},
  year = {1991},
  month = sep,
  publisher = {{JSTOR}},
  volume = {15},
  number = {3},
  pages = {375},
  author = {Rajiv D. Banker and Robert J. Kauffman},
  title = {Reuse and Productivity in Integrated Computer-Aided Software Engineering: An Empirical Study}
}

%článok
@article{2001,
  doi = {10.1076/csed.11.3.261.3835},
  url = {https://doi.org/10.1076/csed.11.3.261.3835},
  year = {2001},
  month = sep,
  publisher = {Informa {UK} Limited},
  volume = {11},
  number = {3},
  pages = {261--272},
  author = {Lynne Fowler and Jocelyn Armarego and Maurice Allen},
  title = {{CASE} Tools: Constructivism and its Application to Learning and Usability of Software Engineering Tools}
}

% článok
@article{2017,
  title={Evolvement of computer aided software engineering (CASE) Tools: A user experience},
  author={Dias, GKA},
  journal={International journal of computer science and software engineering},
  volume={6},
  number={3},
  pages={55},
  year={2017},
  publisher={Dorma Trading, Est. Publishing Manager}
}

%webstranka
@misc{reengineering,
	title={What Is the Difference Between Reverse Engineering and Re-Engineering?},
	url={https://sciencing.com/what-is-the-difference-between-reverse-engineering-and-re-engineering-12749441.html},
	journal={Sciencing},
	author={Fagleman, Lewis J.},
	year={2019},
	month={Mar}
}

% zaznam z konferenncie
@inproceedings{2010,
  doi = {10.1145/1925805.1925808},
  url = {https://doi.org/10.1145/1925805.1925808},
  year = {2010},
  publisher = {{ACM} Press},
  author = {Erich Buss and John Henshaw},
  title = {A software reverse engineering experience}
}

